@article{heer2011value,
  title     = {Value function iteration as a Solution Method for the Ramsey Model},
  author    = {Heer, Burkhard and Mau{\ss}ner, Alfred},
  journal   = {Jahrb{\"u}cher f{\"u}r National{\"o}konomie und Statistik},
  volume    = {231},
  number    = {4},
  pages     = {494--515},
  year      = {2011},
  publisher = {De Gruyter Oldenbourg}
}